<?xml version="1.0" encoding="UTF-8"?><collection xmlns="http://www.loc.gov/MARC21/slim"><record><leader>00491nam--2200181-u-4500</leader><controlfield tag="001">000052957</controlfield><controlfield tag="002">20161230</controlfield><controlfield tag="005">20161230201050</controlfield><controlfield tag="008">101130s1000------------r-----000-0-eng-d</controlfield><datafield ind1=" " ind2=" " tag="040"><subfield code="a">IFIN-HH</subfield></datafield><datafield ind1=" " ind2=" " tag="080"><subfield code="a">535.338.42</subfield></datafield><datafield ind1="1" ind2=" " tag="100"><subfield code="a">Gordy, Walter</subfield></datafield><datafield ind1="1" ind2="0" tag="245"><subfield code="a">Microwave spectroscopy</subfield><subfield code="c">Walter gordy; william v. smith; ralph f. trambarulo</subfield></datafield><datafield ind1=" " ind2=" " tag="260"><subfield code="a">London</subfield><subfield code="b">Chapman &amp; Hall, Ltd</subfield></datafield><datafield ind1=" " ind2=" " tag="300"><subfield code="a">446P</subfield></datafield><datafield ind1="1" ind2=" " tag="700"><subfield code="a">Trambarulo, Ralph F</subfield></datafield><datafield ind1=" " ind2=" " tag="852"><subfield code="a">10080</subfield><subfield code="c">535.33</subfield></datafield><datafield ind1=" " ind2=" " tag="CAT"><subfield code="a">Sys</subfield><subfield code="c">20101130</subfield><subfield code="h">154746</subfield></datafield></record></collection>